@String{N = {Na\-ture}}
@Article{WC:1953,
author = {},
title = {},
journal = N,
volume = {},
pages = {},
year = 1953
}